%% This BibTeX bibliography file was created using BibDesk.
%% http://bibdesk.sourceforge.net/

%% Created for Carlisle Rainey at 2016-09-28 10:16:25 -0500 


%% Saved with string encoding Unicode (UTF-8) 



@article{AmorimNetoCox1997,
	Author = {Octavio {Amorim Neto} and Gary W. Cox},
	Date-Added = {2015-04-08 14:07:51 +0000},
	Date-Modified = {2015-04-08 14:09:26 +0000},
	Journal = {American Journal of Political Science},
	Number = {1},
	Pages = {149-171},
	Title = {Electoral Institutions, Cleavage Structures, and the Number of Parties},
	Volume = {41},
	Year = {1997}}

@book{Anderson2008,
	Address = {Thousand Oaks, CA},
	Author = {Robert Anderson},
	Date-Added = {2015-03-12 19:55:24 +0000},
	Date-Modified = {2015-03-12 19:56:58 +0000},
	Publisher = {Sage},
	Title = {Modern Methods for Robust Regression},
	Year = {2008}}

@book{AngristPischke2009,
	Address = {Princeton, NJ},
	Author = {Joshua D. Angrist and {J\"{o}rn-Seffen} Pischke},
	Date-Added = {2015-04-08 12:37:54 +0000},
	Date-Modified = {2015-04-08 12:43:20 +0000},
	Publisher = {Princeton University Press},
	Title = {Mostly Harmless Econometrics: An Empiricist's Companion},
	Year = {2009}}

@article{BeatonTukey1974,
	Author = {Albert E. Beaton and John W. Tukey},
	Date-Added = {2016-06-17 02:14:37 +0000},
	Date-Modified = {2016-06-17 02:15:21 +0000},
	Journal = {Technometrics},
	Number = {2},
	Pages = {147-185},
	Title = {The Fitting of Power Series, Meaning Polynomials, Illustrated on Band-Spectroscopic Data},
	Volume = {16},
	Year = {1974}}

@article{BeckKatz1995,
	Author = {Nathaniel Beck and Jonathan N. Katz},
	Date-Added = {2015-03-12 19:41:35 +0000},
	Date-Modified = {2015-03-12 19:42:52 +0000},
	Journal = {American Political Science Reviewi},
	Number = {3},
	Pages = {634-647},
	Title = {What to Do (and Not to Do) with Time-Series Cross-section Data},
	Volume = {89},
	Year = {1995}}

@book{BerryFeldman1985,
	Address = {Thousand Oaks, CA},
	Author = {William D. Berry and Stanley Feldman},
	Date-Added = {2015-08-27 11:26:02 +0000},
	Date-Modified = {2015-08-27 11:27:19 +0000},
	Publisher = {Sage},
	Series = {Quantitative Applications in the Social Sciences},
	Title = {Multiple Regression in Practice},
	Year = {1985}}

@article{Blaisetal2011,
	Author = {Andr\'{e} Blais and Romain Lachat and Airo Hino and Pascal {Doray-Demers}.},
	Date-Added = {2015-03-13 11:18:07 +0000},
	Date-Modified = {2015-04-08 21:25:02 +0000},
	Journal = {Comparative Political Studies},
	Number = {12},
	Pages = {1599-1622},
	Title = {The Mechanical and Psychological Effects of Electoral Systems a Quasi-experimental Study},
	Volume = {44},
	Year = {2011}}

@article{Box1953,
	Author = {George E. P. Box},
	Date-Added = {2015-04-08 12:50:53 +0000},
	Date-Modified = {2015-04-08 12:52:28 +0000},
	Journal = {Biometrika},
	Number = {3/4},
	Pages = {318-335},
	Title = {Non-Normality and Tests on Variances},
	Volume = {40},
	Year = {1953}}

@article{BoxCox1964,
	Author = {George E. P. Box and David R. Cox},
	Date-Added = {2015-03-13 13:00:21 +0000},
	Date-Modified = {2015-03-13 13:01:46 +0000},
	Journal = {Journal of the Royal Statistical Society, Series B},
	Number = {2},
	Pages = {211-252},
	Title = {An Analysis of Transformations},
	Volume = {26},
	Year = {1964}}

@book{CasellaBerger2002,
	Address = {Pacific Grove, CA},
	Author = {George Casella and Roger L. Berger},
	Date-Added = {2011-11-15 12:56:13 -0500},
	Date-Modified = {2015-10-07 13:19:30 +0000},
	Edition = {2nd},
	Publisher = {Duxbury},
	Title = {Statistical Inference},
	Year = {2002}}

@article{CheibubGandhiVreeland2010,
	Author = {Cheibub, Jos\'{e} Antonio and Gandhi, Jennifer and Vreeland, James Raymond},
	Date-Added = {2015-04-08 21:26:55 +0000},
	Date-Modified = {2015-04-08 21:27:30 +0000},
	Journal = {Public Choice},
	Number = {1-2},
	Pages = {67-101},
	Title = {Democracy and Dictatorship Revisited},
	Volume = {143},
	Year = {2010}}

@article{ChhibberKollman1998,
	Author = {Pradeep Chhibber and Ken Kollman},
	Date-Added = {2015-03-13 11:25:57 +0000},
	Date-Modified = {2015-03-13 11:27:30 +0000},
	Journal = {American Political Science Review},
	Number = {2},
	Pages = {329-342},
	Title = {Party Aggregation and the Number of Parties in India and the United States},
	Volume = {92},
	Year = {1998}}

@article{ClarkGolder2006,
	Author = {William Roberts Clark and Matt Golder},
	Date-Added = {2015-03-12 19:35:00 +0000},
	Date-Modified = {2015-03-12 19:37:30 +0000},
	Journal = {Comparative Political Studies},
	Number = {6},
	Pages = {679-708},
	Title = {Rehabilitating Duverger's Theory: Testing the Mechanical and Strategic Modifying Effects of Electoral Laws},
	Volume = {39},
	Year = {2006}}

@book{Cox1997,
	Address = {Cambridge},
	Author = {Gary Cox},
	Date-Added = {2015-04-08 14:07:02 +0000},
	Date-Modified = {2015-04-08 14:07:02 +0000},
	Publisher = {Cambridge University Press},
	Title = {Making Votes Count: Strategic Coordination in World's Electoral Systems},
	Year = {1997}}

@article{Cox1999,
	Author = {Gary Cox},
	Date-Added = {2015-03-13 11:27:59 +0000},
	Date-Modified = {2015-03-13 11:28:38 +0000},
	Journal = {Annual Review of Political Science},
	Number = {1},
	Pages = {145-161},
	Title = {Electoral Rules and Electoral Coordination},
	Volume = {2},
	Year = {1999}}

@article{CrispOlivelloPotter2012,
	Author = {Brian F. Crisp and Santiago Olivella and Joshua D. Potter},
	Date-Added = {2015-03-13 11:19:47 +0000},
	Date-Modified = {2015-03-13 11:21:26 +0000},
	Journal = {Electoral Studies},
	Number = {1},
	Pages = {143-158},
	Title = {Electoral Contexts that Impede Voter Coordination},
	Volume = {31},
	Year = {2012}}

@book{Dodge1987,
	Address = {Amsterdam},
	Date-Added = {2015-04-08 13:43:25 +0000},
	Date-Modified = {2015-04-08 13:47:06 +0000},
	Editor = {Yadolah Dodge},
	Publisher = {North-Holland},
	Title = {Statistical Data Analysis Based on the L1-Norm and Related Methods},
	Year = {1987}}

@book{Duverger1963,
	Address = {New York},
	Author = {Maurice Duverger},
	Date-Added = {2015-04-08 13:57:46 +0000},
	Date-Modified = {2015-04-08 13:59:29 +0000},
	Publisher = {Wiley},
	Title = {Political Parties: Their Organization and Activity in the Modern State},
	Year = {1963}}

@article{Efron1981,
	Author = {Bradley Efron},
	Date-Added = {2015-04-08 13:49:41 +0000},
	Date-Modified = {2015-04-08 13:50:55 +0000},
	Journal = {Biometrika},
	Number = {3},
	Pages = {589-599},
	Title = {Nonparametric Estimates of Standard Error: The Jackknife, the Bootstrap, and Other Methods},
	Volume = {68},
	Year = {1981}}

@article{Ferrara2011,
	Author = {Federico Ferrara},
	Date-Added = {2015-03-13 11:28:48 +0000},
	Date-Modified = {2015-03-13 11:30:01 +0000},
	Journal = {Journal of Elections, Public Opinion, and Parties},
	Number = {1},
	Pages = {1-27},
	Title = {Cleavages, Institutions and the Number of Parties: A Study of Third Wave Democracies},
	Volume = {21},
	Year = {2011}}

@article{Freedman2006,
	Author = {David A. Freedman},
	Date-Added = {2015-03-12 19:44:17 +0000},
	Date-Modified = {2015-03-12 19:44:58 +0000},
	Journal = {The American Statistician},
	Number = {4},
	Pages = {299-302},
	Title = {On the So-Called `Huber Sandwich Estimator' and `Robust Standard Error'},
	Volume = {60},
	Year = {2006}}

@article{Fujiwara2011,
	Author = {Thomas Fujiwara},
	Date-Added = {2015-03-13 11:33:25 +0000},
	Date-Modified = {2015-03-13 11:34:16 +0000},
	Journal = {Quarterly Journal of Political Science},
	Number = {3-4},
	Pages = {197-233},
	Title = {A Regression Discontinuity Test of Strategic Voting and Duverger's Law},
	Volume = {6},
	Year = {2011}}

@book{Gujarati2004,
	Address = {Boston, MA},
	Author = {Damodar N. Gujarati},
	Date-Added = {2015-04-08 12:30:22 +0000},
	Date-Modified = {2015-04-08 12:43:59 +0000},
	Edition = {4th},
	Publisher = {McGraw Hill},
	Title = {Basic Econometrics},
	Year = {2004}}

@article{Harden2012,
	Author = {Jeffrey J. Harden},
	Date-Added = {2015-04-08 14:01:42 +0000},
	Date-Modified = {2015-04-08 14:02:36 +0000},
	Journal = {Statistics, Politics, and Policy},
	Number = {1},
	Pages = {1-27},
	Title = {Improving Statistical Inference with Clustered Data},
	Volume = {3},
	Year = {2012}}

@article{HardenDesmarais2011,
	Author = {Jeffrey J. Harden and Bruce A. Desmarais},
	Date-Added = {2015-03-12 19:52:54 +0000},
	Date-Modified = {2015-03-12 19:54:31 +0000},
	Journal = {State Politics and Policy Quarterly},
	Number = {4},
	Pages = {371-389},
	Title = {Linear Models with Outliers: Choosing between Conditional-Mean and Conditional-Median Methods},
	Volume = {11},
	Year = {2011}}

@article{Huber1964,
	Author = {Peter J. Huber},
	Date-Added = {2015-04-08 12:52:53 +0000},
	Date-Modified = {2015-04-08 12:54:09 +0000},
	Journal = {The Annals of Mathematical Statistics},
	Number = {1},
	Pages = {73-101},
	Title = {Robust Estimation of a Location Parameter},
	Volume = {35},
	Year = {1964}}

@article{Huber1973,
	Author = {Peter J. Huber},
	Date-Added = {2015-04-08 12:59:09 +0000},
	Date-Modified = {2015-04-08 13:00:02 +0000},
	Journal = {The Annals of Statistics},
	Number = {5},
	Pages = {799-821},
	Title = {Robust Regression: Asymptotics, Conjectures, and Monte Carlo},
	Volume = {1},
	Year = {1973}}

@book{HuberRonchetti2009,
	Address = {Hoboken, NJ},
	Author = {Peter J. Huber and Elvezio M. Ronchetti},
	Date-Added = {2015-04-08 12:55:29 +0000},
	Date-Modified = {2015-04-08 12:56:59 +0000},
	Publisher = {Wiley},
	Title = {Robust Statistics},
	Volume = {2nd},
	Year = {2009}}

@unpublished{Jann2010,
	Author = {Ben Jann},
	Date-Added = {2016-06-17 02:06:01 +0000},
	Date-Modified = {2016-06-17 02:06:52 +0000},
	Note = {Available from http://ideas.repec.org/c/boc/bocode/s457114.html},
	Title = {robreg: Stata module providing robust regression estimators},
	Year = {2010}}

@article{Kasfir1998,
	Author = {Kasfir, Nelson},
	Date-Added = {2015-04-08 21:19:52 +0000},
	Date-Modified = {2015-04-08 21:20:19 +0000},
	Journal = {Journal of Democracy},
	Number = {2},
	Pages = {49-63},
	Title = {`No-Party Democracy' in Uganda},
	Volume = {9},
	Year = {1998}}

@book{Kasozi1993,
	Address = {Canada},
	Author = {Kasozi, A. B. K.},
	Date-Added = {2015-04-08 21:20:58 +0000},
	Date-Modified = {2015-04-08 21:22:17 +0000},
	Publisher = {McGill-Queen's University Press},
	Title = {Social Origins of Violence in Uganda, 1964-1985},
	Year = {1993},
	Bdsk-Url-1 = {www.summon.com}}

@unpublished{KingRoberts2014,
	Author = {Gary King and Margaret E. Roberts},
	Date-Added = {2015-03-12 19:46:11 +0000},
	Date-Modified = {2015-03-12 19:49:26 +0000},
	Note = {Forthcoming in \textit{Political Analysis}},
	Title = {How Robust Standard Errors Expose Methodological Problems They Do Not Fix, and What to Do About It},
	Year = {2014}}

@article{KingTomzWittenberg2000,
	Author = {Gary King and Michael Tomz and Jason Wittenberg},
	Date-Added = {2014-08-22 13:17:50 +0000},
	Date-Modified = {2014-08-22 13:19:27 +0000},
	Journal = {American Journal of Political Science},
	Number = {2},
	Pages = {341-355},
	Title = {Making the Most of Statistical Analyses: Improving Interpretation and Presentation},
	Volume = {44},
	Year = {2000}}

@article{KruegerLewisBeck2008,
	Author = {James S. Krueger and Michael S. Lewis-Beck},
	Date-Added = {2015-08-26 12:30:09 +0000},
	Date-Modified = {2015-08-26 12:31:37 +0000},
	Journal = {The Political Methodologist},
	Number = {2},
	Pages = {2-4},
	Title = {Is OLS Dead?},
	Volume = {15},
	Year = {2008}}

@article{LevitskyWay2002,
	Author = {Levitsky, Steven and Way, Lucan A},
	Date-Added = {2015-04-08 21:20:34 +0000},
	Date-Modified = {2015-04-08 21:20:46 +0000},
	Journal = {Journal of Democracy},
	Number = {2},
	Title = {The Rise Of Competitive Authoritarianism},
	Volume = {13},
	Year = {2002}}

@book{MASS,
	Address = {New York},
	Author = {W. N. Venables and B. D. Ripley},
	Date-Added = {2016-06-17 02:09:40 +0000},
	Date-Modified = {2016-06-17 02:10:27 +0000},
	Publisher = {Springer},
	Title = {Modern Applied Statistics with S},
	Year = {2002}}

@article{Mira1999,
	Author = {Antonietta Mira},
	Date-Added = {2015-04-08 12:45:51 +0000},
	Date-Modified = {2015-04-08 12:47:08 +0000},
	Journal = {Journal of Applied Statistics},
	Number = {8},
	Pages = {959-972},
	Title = {Distribution-Free TEst for Symmetry Based on Bonferroni's Measure},
	Volume = {26},
	Year = {1999}}

@book{MooneyDuval1993,
	Address = {Newbery Park, CA},
	Author = {Christopher Z. Mooney and Robert D. Duval},
	Date-Added = {2015-04-08 13:51:37 +0000},
	Date-Modified = {2015-04-08 13:54:04 +0000},
	Publisher = {Sage},
	Series = {Quantitative Applications in the Social Sciences},
	Title = {Bootstrapping: A Nonparametric Approach to Statistical Inference},
	Year = {1993}}

@article{Moser1999,
	Author = {Robert G. Moser},
	Date-Added = {2015-03-13 11:30:09 +0000},
	Date-Modified = {2015-03-13 11:31:29 +0000},
	Journal = {World Politics},
	Number = {3},
	Pages = {359-384},
	Title = {Electoral Systems and the Number of Parties in Post-Communist States},
	Volume = {51},
	Year = {1999}}

@incollection{Rietz2008,
	Author = {Thomas Rietz},
	Booktitle = {Handbook of Experimental Economics Results},
	Date-Added = {2015-03-13 12:55:59 +0000},
	Date-Modified = {2015-03-13 12:58:59 +0000},
	Editor = {Charles R. Ploot and Vernon L. Smith},
	Publisher = {North-Holland},
	Title = {Three-Way Experimental Election Results: Strategic Voting, Coordinated Outcomes and Duverger's Law},
	Volume = {1},
	Year = {2008}}

@article{Riker1982,
	Author = {William H. Riker},
	Date-Added = {2015-04-08 14:05:53 +0000},
	Date-Modified = {2015-04-08 14:06:32 +0000},
	Journal = {The American Political Science Review},
	Number = {4},
	Pages = {753-766},
	Title = {The Two-Party System and Duverger's Law: An Essay on the History of Political Science},
	Volume = {76},
	Year = {1982}}

@article{Rousseeuw1984,
	Author = {Peter J. Rousseeuw},
	Date-Added = {2015-04-08 13:01:10 +0000},
	Date-Modified = {2015-04-08 13:13:06 +0000},
	Journal = {The Journal of the American Statistical Association},
	Number = {388},
	Pages = {871-880},
	Title = {Least Median of Squares Regression},
	Volume = {79},
	Year = {1984}}

@unpublished{Rousseeuwetal2016,
	Author = {Peter Rousseeuw and Christophe Croux and Valentin Todorov and Andreas Ruckstuhl and Matias Salibian-Barrera and Tobias Verbeke and Manuel Koller and Martin Maechler},
	Date-Added = {2016-06-17 02:01:29 +0000},
	Date-Modified = {2016-06-17 02:03:56 +0000},
	Note = {R package version 0.92-6. URL http://CRAN.R-project.org/package=robustbase},
	Title = {robustbase: Basic Robust Statistics.},
	Year = {2016}}

@incollection{RousseeuwYohai1984,
	Author = {Peter J. Rousseeuw and Victor Yohai},
	Booktitle = {Robust and Nonlinear Time Series Analysis},
	Date-Added = {2015-04-08 13:03:28 +0000},
	Date-Modified = {2015-04-08 13:12:56 +0000},
	Editor = {Franke, J\"{u}rgen and H\"{a}rdle, Wolfgang and Martin, Douglas},
	Pages = {256-272},
	Publisher = {Springer US},
	Series = {Lecture Notes in Statistics},
	Title = {Robust Regression by Means of S-Estimators},
	Volume = {26},
	Year = {1984}}

@article{SingerStephenson2009,
	Author = {Singer, Matthew M. and Stephenson, Laura B.},
	Date-Added = {2015-04-08 21:14:23 +0000},
	Date-Modified = {2015-04-08 21:15:12 +0000},
	Journal = {Electoral Studies},
	Number = {3},
	Pages = {480-491},
	Title = {The Political Context and Duverger's Theory: Evidence at the District Level},
	Volume = {28},
	Year = {2009}}

@book{Train2009,
	Address = {New York},
	Author = {Kenneth E. Train},
	Date-Added = {2016-06-17 02:34:18 +0000},
	Date-Modified = {2016-06-17 02:35:19 +0000},
	Edition = {Second},
	Publisher = {Cambridge University Press},
	Title = {Discrete Choice Methods with Simulation},
	Year = {2009}}

@article{Western1995,
	Author = {Bruce Western},
	Date-Added = {2015-03-12 19:51:45 +0000},
	Date-Modified = {2015-03-12 19:52:30 +0000},
	Journal = {American Journal of Political Science},
	Number = {3},
	Pages = {786-817},
	Title = {Concepts and Suggestions for Robust Regression Analysis},
	Volume = {39},
	Year = {1995}}

@article{White1980,
	Author = {Halbert White},
	Date-Added = {2015-03-12 19:40:14 +0000},
	Date-Modified = {2015-03-12 19:41:07 +0000},
	Journal = {Econometrica},
	Number = {4},
	Pages = {817-838},
	Title = {A Heteroskedasticity-Consistent Covariance Matrix Estimator and a Direct Test for Heteroskedasticity},
	Volume = {48},
	Year = {1980}}

@book{Wooldridge2013,
	Address = {Mason, Ohio},
	Author = {Jeffrey M. Wooldridge},
	Date-Added = {2015-03-12 19:25:57 +0000},
	Date-Modified = {2015-03-12 19:38:00 +0000},
	Edition = {5th},
	Publisher = {South-Western Cengage Learning},
	Title = {Introductory Econometrics: A Modern Approach},
	Year = {2013}}

@article{Yohai1987,
	Author = {Victor Yohai},
	Date-Added = {2015-04-08 13:24:50 +0000},
	Date-Modified = {2015-04-08 13:26:01 +0000},
	Journal = {The Annals of Statistics},
	Number = {2},
	Pages = {642-656},
	Title = {High Breakdown-Point and High Efficiency Robust Estimates for Regression},
	Volume = {15},
	Year = {1987}}
